<?xml version="1.0" encoding="UTF-8"?><collection xmlns="http://www.loc.gov/MARC21/slim"><record><leader>00468nam--2200181-i-4500</leader><controlfield tag="001">000011321</controlfield><controlfield tag="002">20161230</controlfield><controlfield tag="005">20170114233525</controlfield><controlfield tag="008">060222s1000------------r-----000-0-eng-d</controlfield><datafield ind1=" " ind2=" " tag="080"><subfield code="a">681.3:616-07</subfield></datafield><datafield ind1=" " ind2=" " tag="100"><subfield code="a">Caceres, Cesar A</subfield></datafield><datafield ind1=" " ind2=" " tag="245"><subfield code="a">Diagnostic computers</subfield></datafield><datafield ind1=" " ind2=" " tag="260"><subfield code="a">Springfield</subfield><subfield code="b">Charles C.Thomas, Publisher</subfield><subfield code="c">1969</subfield></datafield><datafield ind1=" " ind2=" " tag="300"><subfield code="a">XV + 86 p</subfield></datafield><datafield ind1=" " ind2=" " tag="490"><subfield code="a">American Lecture Series</subfield></datafield><datafield ind1=" " ind2=" " tag="700"><subfield code="a">Rikli, Artur E</subfield></datafield><datafield ind1=" " ind2=" " tag="852"><subfield code="a">42004</subfield></datafield><datafield ind1=" " ind2=" " tag="CAT"><subfield code="a">SYS</subfield><subfield code="c">20170114</subfield><subfield code="h">233525</subfield></datafield></record></collection>